@STRING{icra = {{Proc. {IEEE} Int. Conf. Robotics and Automation (ICRA)}}}
@STRING{iros = {Proc. IEEE/RSJ Int. Conf. on Intelligent Robots and Systems (IROS)}}
@STRING{ijrr = {Int. J. Robotics Research (IJRR)}}
@STRING{rss = {Proc. Robotics: Science and Systems (RSS)}}
@STRING{tra = {IEEE Trans. Robotics and Automation}}
@STRING{tro = {IEEE Trans. Robotics}}
@STRING{ram = {IEEE Robotics \& Automation Magazine}}


@misc{hierarchical_supervisors,
  title={Robot Grasping in Clutter:
  Using a Hierarchy of Supervisors for Learning from Demonstrations},
  url={http://tensorflow.org/},
  note={Software available from tensorflow.org},
  author={Michael Laskey, Jonathan Lee, Caleb Chuck, David Gealy, Wesley Hsieh, Florian T. Pokorny,
  Anca D. Dragan, and Ken Goldberg},
  year={2016},
}

@article{ross2010reduction,
  title={A reduction of imitation learning and structured prediction to no-regret online learning},
  author={Ross, St{\'e}phane and Gordon, Geoffrey J and Bagnell, J Andrew},
  journal={arXiv preprint arXiv:1011.0686},
  year={2010}
}

@misc{tensorflow2015-whitepaper,
title={{TensorFlow}: Large-Scale Machine Learning on Heterogeneous Systems},
url={http://tensorflow.org/},
note={Software available from tensorflow.org},
author={
    Mart\'{\i}n~Abadi and
    Ashish~Agarwal and
    Paul~Barham and
    Eugene~Brevdo and
    Zhifeng~Chen and
    Craig~Citro and
    Greg~S.~Corrado and
    Andy~Davis and
    Jeffrey~Dean and
    Matthieu~Devin and
    Sanjay~Ghemawat and
    Ian~Goodfellow and
    Andrew~Harp and
    Geoffrey~Irving and
    Michael~Isard and
    Yangqing Jia and
    Rafal~Jozefowicz and
    Lukasz~Kaiser and
    Manjunath~Kudlur and
    Josh~Levenberg and
    Dan~Man\'{e} and
    Rajat~Monga and
    Sherry~Moore and
    Derek~Murray and
    Chris~Olah and
    Mike~Schuster and
    Jonathon~Shlens and
    Benoit~Steiner and
    Ilya~Sutskever and
    Kunal~Talwar and
    Paul~Tucker and
    Vincent~Vanhoucke and
    Vijay~Vasudevan and
    Fernanda~Vi\'{e}gas and
    Oriol~Vinyals and
    Pete~Warden and
    Martin~Wattenberg and
    Martin~Wicke and
    Yuan~Yu and
    Xiaoqiang~Zheng},
  year={2015},
}

@article{imagenet,
  title={“Imagenet classification with deep convolutional neural networks},
  author={A. Krizhevsky, I. Sutskever, and G. E. Hinton}, 
  booktitle={Advances in neural information processing systems},
  pages={1097–1105},
  year={2012}
}


@misc{opencv,
  title={Dr. Dobb’s Journal of Software Tools},
  author={G. Bradski}
}


@inproceedings{ross2013learning,
  title={Learning monocular reactive uav control in cluttered natural environments},
  author={Ross, St{\'e}phane and Melik-Barkhudarov, Narek and Shankar, Kumar Shaurya and Wendel, Andreas and Dey, Debadeepta and Bagnell, J Andrew and Hebert, Martial},
  booktitle={ICRA, 2013 IEEE },
  organization={IEEE},
}

@article{argall2009survey,
  title={A survey of robot learning from demonstration},
  author={Argall, Brenna D and Chernova, Sonia and Veloso, Manuela and Browning, Brett},
  journal={Robotics and autonomous systems},
  volume={57},
  number={5},
  pages={469--483},
  year={2009},
  publisher={Elsevier}
}
